<?xml version="1.0" encoding="UTF-8"?><collection xmlns="http://www.loc.gov/MARC21/slim"><record><leader>00509nam--2200181-u-4500</leader><controlfield tag="001">000056589</controlfield><controlfield tag="002">20161230</controlfield><controlfield tag="005">20161230201052</controlfield><controlfield tag="008">160211s1000------------r-----000-0-eng-d</controlfield><datafield ind1=" " ind2=" " tag="040"><subfield code="a">IFIN-HH</subfield></datafield><datafield ind1="1" ind2=" " tag="100"><subfield code="a">Mateescu, Silvia</subfield></datafield><datafield ind1="1" ind2="0" tag="245"><subfield code="a">Biological Protection against Nuclear Radiation</subfield><subfield code="c">Silvia Mateescu, Marcela Stanciu</subfield></datafield><datafield ind1=" " ind2=" " tag="260"><subfield code="a">Constanta</subfield><subfield code="b">Xerografica</subfield><subfield code="c">2015</subfield></datafield><datafield ind1=" " ind2=" " tag="300"><subfield code="a">373p</subfield></datafield><datafield ind1=" " ind2=" " tag="490"><subfield code="a">Women in Nucear Europe</subfield></datafield><datafield ind1="1" ind2=" " tag="700"><subfield code="a">Stanciu, Marcela</subfield></datafield><datafield ind1=" " ind2=" " tag="852"><subfield code="a">81340</subfield><subfield code="c">614.8</subfield></datafield><datafield ind1=" " ind2=" " tag="CAT"><subfield code="a">Sys</subfield><subfield code="c">20160211</subfield><subfield code="h">100100</subfield></datafield></record></collection>